%% This BibTeX bibliography file was created using BibDesk.
%% http://bibdesk.sourceforge.net/

%% Created for Phillip Weirich at 2020-02-28 12:21:59 -0500 


%% Saved with string encoding Unicode (UTF-8) 



@incollection{Southard1993,
	Address = {Tuscaloosa},
	Author = {Southard, Bruce},
	Booktitle = {``{H}eartland'' {E}nglish},
	Date-Added = {2020-02-28 12:21:56 -0500},
	Date-Modified = {2020-02-28 12:21:56 -0500},
	Editor = {Frazer, Timothy},
	File = {:Users/phillipweirich/Library/Application Support/Mendeley Desktop/Downloaded/Midwest - Unknown - Heartland English.pdf:pdf},
	Keywords = {OK PD Paper},
	Pages = {229--243},
	Publisher = {The University of Alabama Press},
	Title = {Elements of {M}idwestern Speech in {O}klahoma},
	Year = {1993}}

@misc{arcgis,
	Author = {{ESRI}},
	Date-Added = {2020-02-28 12:09:06 -0500},
	Date-Modified = {2020-02-28 12:09:06 -0500},
	Howpublished = {\url{https://www.arcgis.com/}},
	Title = {{ArcGIS} Desktop (Release 10)},
	Year = {2017}}

@book{preston1989,
	Author = {Preston, Dennis R.},
	Date-Added = {2020-02-28 12:08:53 -0500},
	Date-Modified = {2020-02-28 12:08:53 -0500},
	Keywords = {perceptual dialectology, OK PD Paper},
	Publisher = {Walter de Gruyter},
	Title = {Perceptual dialectology: Nonlinguists' views of areal linguistics},
	Year = {1989}}

@article{labov1963,
	Author = {Labov, William},
	Date-Added = {2020-02-28 12:08:44 -0500},
	Date-Modified = {2020-02-28 12:08:44 -0500},
	Journal = {Word},
	Number = {3},
	Pages = {273--309},
	Title = {The social motivation of a sound change},
	Volume = {19},
	Year = {1963}}
